@article{ref1,
    author = {Gabriela Mijenes Carrera},
    title = {Análisis de vecindades en problemas de enrutamiento de vehículos con múltiples depósitos y flotas heterogéneas},
    month = {noviembre},
    year = {2021},

}

@article{ref2,
    author = {José Jorge Rodríguez Salgado},
    title = {Una propuesta para la evaluación automática de soluciones vecinas en un Problema de Enrutamiento de Vehículos a partir del grafo de evaluación de una solución},
    month = {junio},
    year = {2020},

}

@article{ref3,
    author = {Daniela González Beltrán},
    title = {Generación automática de gramáticas para la obtención de infinitos criterios de vecindad en el problema de enrutamiento de vehículos},
    month = {mayo},
    year = {2019},

}

@article{ref4,
    author = {Héctor Felipe Massón Rosquete},
    title = {Exploración de vecindades grandes en el Problema de Enrutamiento de Vehículos usando técnicas estadísticas},
    month = {mayo},
    year = {2020}
}


@article{ref5,
    author = {Roberto baldacci},
    title = {Recent exact algorithms for solving the vehicle routing problem under capacity and time window constraints},
    year = {2023},
}

@article{ref6,
    author = {Juan Pablo Orrego Cardozo},
    title = {Solución al Problema de Ruteo de Vehículos con Capacidad Limitada (CVRP) usando una técnica metaheurística},
    year = {2017},
}

@article{ref7,
    author = {Abdul Kadar Muhammad Masum},
    title = {Solving the Vehicle Routing Problem using Genetic Algorithm},
    year = {2017},
}

@article{ref8,
    author = {Burak Eksioglu},
    title = {The vehicle routing problem: A taxonomic review},
    year = {2017},
}

@article{ref9,
    author = {Yutao Qi},
    title = {A Decomposition Based Memetic Algorithm for Multi-objective Vehicle Routing Problem with Time Windows},
    year = {2017},
}
@article{ref10,
    author = {Eduardo Uchoa},
    title = {New Benchmark Instances for the Capacitated Vehicle Routing Problem},
    year = {2016},
}

@article{ref11,
    author = {Vidal},
    title = {Hybrid Genetic Search for the CVRP: Open-Source Implementation and SWAP* Neighborhood},
    year = {2017},
}
