@article{ref1,
    author = {Roberto Baldacci, Aristide Mingozzi, Roberto Roberti},
    title = {Recent exact algorithms for solving the vehicle routing problem under capacity and time window constraints},
    year = {2011},
    journal = {European Journal of Operational Research}
}