@article{ref1,
    author = {Sitrack},
    title = {Costos en el transporte de cargamento: Un análisis profundo},
    year = {2023},
    howpublished = {Recuperado de: \url{https://blog.sitrack.com/estructura-de-costos-de-una-empresa-de-transporte-de-carga}},
    note = {Citado en la página 1}
}

@article{ref2,
    author = {Rajeev Goel and Raman Maini},
    title = {Vehicle routing problem and its solution methodologies: a survey},
    year = {2017},
    note = {Citado en la página 420}
}

@article{ref3,
    author = {Rajeev Goel and Raman Maini},
    title = {Vehicle routing problem and its solution methodologies: a survey},
    year = {2017},
    note = {Citado en la página 424}
}

@article{ref4,
    author = {Gabriela Mijenes Carrera},
    title = {Análisis de vecindades en problemas de enrutamiento de vehículos con múltiples depósitos y flotas heterogéneas},
    month = {noviembre},
    year = {2021},
    note = {Citado en la página 1}
}

@article{ref5,
    author = {José Jorge Rodríguez Salgado},
    title = {Una propuesta para la evaluación automática de soluciones vecinas en un Problema de Enrutamiento de Vehículos a partir del grafo de evaluación de una solución},
    month = {junio},
    year = {2020},
    note = {Citado en la página 1}
}

@article{ref6,
    author = {Daniela González Beltrán},
    title = {Generación automática de gramáticas para la obtención de infinitos criterios de vecindad en el problema de enrutamiento de vehículos},
    month = {mayo},
    year = {2019},
    note = {Citado en la página 1}
}

@article{ref7,
    author = {Héctor Felipe Massón Rosquete},
    title = {Exploración de vecindades grandes en el Problema de Enrutamiento de Vehículos usando técnicas estadísticas},
    month = {mayo},
    year = {2020}
}
