@article{ref1,
    author = {Sitrack},
    title = {Costos en el transporte de cargamento: Un análisis profundo},
    year = {2023},
    howpublished = {Recuperado de: \url{https://blog.sitrack.com/estructura-de-costos-de-una-empresa-de-transporte-de-carga}},
}

@article{ref2,
    author = {Rajeev Goel and Raman Maini},
    title = {Vehicle routing problem and its solution methodologies: a survey},
    year = {2017},
}

@article{ref3,
    author = {Gabriela Mijenes Carrera},
    title = {Análisis de vecindades en problemas de enrutamiento de vehículos con múltiples depósitos y flotas heterogéneas},
    month = {noviembre},
    year = {2021},
}

@article{ref4,
    author = {José Jorge Rodríguez Salgado},
    title = {Una propuesta para la evaluación automática de soluciones vecinas en un Problema de Enrutamiento de Vehículos a partir del grafo de evaluación de una solución},
    month = {junio},
    year = {2020},

}

@article{ref5,
    author = {Daniela González Beltrán},
    title = {Generación automática de gramáticas para la obtención de infinitos criterios de vecindad en el problema de enrutamiento de vehículos},
    month = {mayo},
    year = {2019},

}

@article{ref6,
    author = {Héctor Felipe Massón Rosquete},
    title = {Exploración de vecindades grandes en el Problema de Enrutamiento de Vehículos usando técnicas estadísticas},
    month = {mayo},
    year = {2020}
}


@article{ref7,
    author = {Roberto baldacci},
    title = {Recent exact algorithms for solving the vehicle routing problem under capacity and time window constraints},
    year = {2012},
}

@article{ref8,
    author = {Juan Pablo Orrego Cardozo},
    title = {Solución al Problema de Ruteo de Vehículos con Capacidad Limitada (CVRP) usando una técnica metaheurística},
    year = {2016},
}

@article{ref9,
    author = {Abdul Kadar Muhammad Masum},
    title = {Solving the Vehicle Routing Problem using Genetic Algorithm},
    year = {2011},
}

@article{ref10,
    author = {Burak Eksioglu},
    title = {The vehicle routing problem: A taxonomic review},
    year = {2009},
}

@article{ref11,
    author = {Yutao Qi},
    title = {A Decomposition Based Memetic Algorithm for Multi-objective Vehicle Routing Problem with Time Windows},
    year = {2015},
}
@article{ref12,
    author = {Eduardo Uchoa},
    title = {New Benchmark Instances for the Capacitated Vehicle Routing Problem},
    year = {2016},
}

@article{ref13,
    author = {Vidal},
    title = {Hybrid Genetic Search for the CVRP: Open-Source Implementation and SWAP* Neighborhood},
    year = {2021},
}

@article{ref14,
    author = {Nenad Mladenovic and Pierre Hansen},
    title = {Variable neighborhood search},
    year = {1997},
}
@article{ref15,
    author = {João Paulo Queiroz dos Santos},
    title = {Reactive Search strategies using Reinforcement Learning, local search algorithms and Variable Neighborhood Search},
    year = {2014},
}
@article{ref16,
    author = {Olli Bräysy},
    title = {A Reactive Variable Neighborhood Search for the Vehicle-Routing Problem with Time Windows},
    year = {2003},
}
@article{ref17,
    author = {Mir Ehsan Hesam Sadati},
    title = {A hybrid variable neighborhood search approach for the multi-depot green vehicle routing problem},
    year = {2021},
}
@article{ref18,
    author = {Camila Pérez Mosquera},
    title = {Primeras aproximaciones a la Búsqueda de Vecindad Infinitamente Variable},
    year = {2017}
}

@article{ref19,
    author = {Marwa Amous},
    title = {A variable neighborhood search algorithm for the capacitated vehicle routing problem},
    year = {2017}
}

@article{ref20,
    author = {G. B. Dantzig and J. H. Ramser},
    title = {The Truck Dispatching Problem},
    year = {1959}
}


@article{ref21,
    author = {J. K. Lenstra and A. H. G. Rinnooy Kan},
    title = {Complexity of Vehicle Routing and Scheduling Problems},
    year = {1981}
}

@article{ref22,
  author = {M-24},
  title = {¿Cuántos kilómetros recorre un camión promedio en un año?},
  year = {2023},
  url = {https://m-24.com.ar/cuantos-kilometros-recorre-un-camion-promedio-en-un-ano/?utm_source=chatgpt.com}
}

@misc{ref23,
  author = {Alertaeconomica},
  title = {Transporte de mercancías: siete aspectos que destacan su importancia económica},
  year = {2023},
  url = {https://alertaeconomica.com/transporte-de-mercancias-siete-aspectos-que-destacan-su-importancia-economica/?utm_source=chatgpt.com},
  note = {Accedido: 2024-12-23}
}

@article{ref24,
    author = {Sophie Huiberts},
    title = {Upper and Lower Bounds on the Smoothed Complexity of the Simplex Method},
    year = {2024}
}
